<record><leader>00000cas a2200000 a 4500</leader><controlfield tag="001">12674668</controlfield><controlfield tag="008">851015d18761878ksuwr ne      0    0eng d</controlfield><datafield ind1=" " ind2=" " tag="010"><subfield code="a">sn 85032778 </subfield></datafield><datafield ind1=" " ind2=" " tag="040"><subfield code="a">KSH</subfield><subfield code="b">eng</subfield><subfield code="c">KSH</subfield><subfield code="d">NPT</subfield><subfield code="d">OCL</subfield><subfield code="d">OCLCQ</subfield></datafield><datafield ind1=" " ind2=" " tag="042"><subfield code="a">msc</subfield></datafield><datafield ind1="0" ind2="0" tag="245"><subfield code="a">Oxford independent.</subfield></datafield><datafield ind1=" " ind2=" " tag="260"><subfield code="a">Oxford, Kan. :</subfield><subfield code="b">Jonathan Blevins,</subfield><subfield code="c">1876-1878.</subfield></datafield><datafield ind1=" " ind2=" " tag="300"><subfield code="a">3 v. ;</subfield><subfield code="c">54 cm.</subfield></datafield><datafield ind1=" " ind2=" " tag="310"><subfield code="a">Weekly</subfield></datafield><datafield ind1="0" ind2=" " tag="362"><subfield code="a">Vol. 1, no. 1 (May 27, 1876)-v. 3, no. 17 (Oct. 10, 1878).</subfield></datafield><datafield ind1=" " ind2=" " tag="500"><subfield code="a">Published by: Kelley &amp; Benjamin, Oct. 6, 1876-Feb. 3, 1877; Abbott &amp; Kelley, Feb. 10-Aug. 2, 1877; J.L. Abbott, Aug. 9, 1877-Oct. 10, 1878.</subfield></datafield><datafield ind1=" " ind2=" " tag="500"><subfield code="a">"Republican."</subfield></datafield><datafield ind1=" " ind2=" " tag="752"><subfield code="a">United States</subfield><subfield code="b">Kansas</subfield><subfield code="c">Sumner</subfield><subfield code="d">Oxford.</subfield></datafield><datafield ind1="1" ind2=" " tag="029"><subfield code="a">AU@</subfield><subfield code="b">000022167025</subfield></datafield></record>